@article{Fossen2011, 
    title = {Handbook of Marine Craft Hydrodynamics and Motion Control},
    author = {Thor Fossen},
    ISBN = {9781119991496},
    year = {2011},
    publisher = {John Wiley and Sons Ltd.}
}

@article{Automatica08,
    title={Nonlinear Vehicle Side-Slip Estimation with Friction Adaptation}, 
    author={H{\aa}vard Fj{\ae}r Gripa, Lars Imsland, Tor A. Johansen, Thor I. Fossen, Jens C. Kalkkuhl, Avshalom Suissa},
    year={2008}
}

@article{MainStateEst, 
    title={Vehicle Sideslip Estimation},
    author={H{\aa}vard Fj{\ae}r Grip, Lars Imsland, Tor A. Johansen,
    Jens C. Kalkkuhl, Avshalom Suissa},
    year={2009}
}

@article{MagicFormula5_2,
    title={An Improved Magic Formula/SWIFT Model That Can Handle Inflation Pressure Changes},
    author={I.J.M. Besselink, A.J.C. Schmeitz, H.B. Pacejka},
    year={2010}
}

@article{kalmanOG, 
    title={A New Approach to Linear Filtering  and Prediction Problems},
    author={R. E. Kalman},
    year={1960}
}

@article{OrbSlam,
    title={ORB-SLAM: a Versatile and Accurate Monocular SLAM System},
    author={Raul Mur-Artal, J. M. M. Montiel, Juan D. Tardos},
    year={2015}
}

@article{RadarTracking,
    title={Radar Tracking with an Interacting Multiple Model and Probabilistic Data Association Filter for Civil Aviation Applications},
    author={Shau-Shiun Jan, Yu-Chun Kao},
    year={2013}
}

@article{VisualTracking,
    title={Data Association for Multi-Object Visual Tracking},
    author={Margrit Betke, Zheng Wu},
    year={2016}
}

@article{ShalomTracking,
    title={Tracking  and  Data  Associa-tion},
    author={Y. Bar-Shalom, T. E. Fortman},
    year={1988}
}

@article{MahalanobisTracking,
    title={A  Complete  Derivation  Of  The  Association  Log-Likelihood  DistanceFor  Multi-Object  Tracking},
    author={Richard Altendorfer, Sebastian Wirkert},
    year={2015}
}

@article{BarShalomSummary,
    title={Probabilistic Data Association Techniques for Target Tracking in Clutter},
    author={Thiagalingam Kirubarajan, Yaakov Bar-Shalom},
    year={2004}
}

@article{BarShalomPDA,
    title={Tracking in a Cluttered Environment With Probabilistic Data Association},
    author={Yaakov Bar-Shalom, Edison Tse},
    year={1975}
}

@article{JPDA,
    title={Sonar Tracking of Multiple Targets Using Joint Probabilistic Data Association},
    author={T.E. Fortmann, Yaakov bar-shalom, Molly Scheffe},
    year={1983}
}

@article{Multitrack,
    title={An Algorithm for Tracking Multiple Targets},
    author={Donald. B. Reid},
    year={1979}
}

@article{JMH,
    title={A Comparison of Data Association Techniques for Simultaneous Localization and Mapping},
    author={Aron J. Cooper},
    year={2003}
}

@article{Bailey,
    title={Mobile Robot Localisation and Mapping in Extensive Outdoor Environments},
    author={Tim Bailey},
    year={2002}
}

@article{JPDARev,
    title={Joint Probabilistic Data Association Revisited},
    author={Seyed Hamid Rezatofighi, Anton Milan, Zhen Zhang, Qinfeng Shi, Anthony Dick, Ian Reid},
    year={2015}
}

@article{YOLOV3, 
    title={YOLOv3: An Incremental Improvement},
    author={Joseph Redmon, Ali Farhadi},
    year={2018}
}

@article{Kalibr1,
    title={Unified Temporal and Spatial Calibration for Multi-Sensor Systems.},
    author={Paul Furgale, Joern Rehder, Roland Siegwart},
    year={2013}
}

@article{Kalibr2,
    title={Continuous-Time Batch Estimation Using Temporal Basis Functions},
    author={Paul Furgale, T D Barfoot, G Sibley},
    year={2012}
}

@article{Kalibr3,
    title={Self-supervised Calibration for Robotic Systems},
    author={J. Maye, P. Furgale, R. Siegwart},
    year={2013}
}

@article{GroundRemoval,
    title={Fast Segmentation of 3D Point Clouds for Ground Vehicles},
    author={M. Himmelsbach, Felix V. Hundelshausen, H.-J. Wuensche},
    year={2010}
}

@article{PCL,
  author    = {Radu Bogdan Rusu and Steve Cousins},
  title     = {{3D is here: Point Cloud Library (PCL)}},
  booktitle = {{IEEE International Conference on Robotics and Automation (ICRA)}},
  month     = {May 9-13},
  year      = {2011},
  address   = {Shanghai, China}
}

@article{QUEST,
    author={M. D. Shuster, S. D. OH},
    title={Three-axis attitude determination from vector observations},
    year={2012}
}

@article{MEKFPRE,
    author={E. J. Lefferts, F. L. Markley, M. D. Shuster},
    title={Kalman Filtering for Spacecraft Attitude Estimation},
    year={2012}
}

@article{MEKF,
    author={F. Landis Markley},
    title=Attitude Error Representations for Kalman Filtering},
    year={2003}
}

@article{AEKF,
    author={M. D. Shuster.},
    title={The Quaternion in Kalman Filtering},
    year={1993}
}

@article{GMEKF,
    author={Philippe Martin, Erwan Salaün},
    title={Generalized Multiplicative Extended Kalman Filter forAided Attitude and Heading Reference System},
    year={2010}
}

@article{EKF,
    title={Application of statistical filter theory to the optimal estimation of position and velocity on board a circumlunar vehicle},
    author={Gerald L. Smith, Stanley F. Schmidt, Leonard A. McGee},
    year={1962}
} % Original paper on EKF

@article{UKF,
    author={Eric A. Wan, Rudolph van der Merwe},
    title={The Unscented Kalman Filter for Nonlinear Estimation},
    year={2000}
}

@article{Utrans,
    author={Jeffrey K. Uhlmann},
    title={Dynamic Map Building and Localization: New Theoretical Foundations},
    year={1995}
}

@article{ParticleResampling,
    author={P. Del Moral, L. Miclo},
    title={Branching and Interacting Particle SystemsApproximations of Feynman-Kac Formulaewith Applications to Non-Linear Filtering},
    year={2000}
}

@article{ParticleFilter,
    author={P. Del Moral},
    title={Nonlinear filtering: Interacting Particle Resolution},
    year={1996}
}

@article{ParticleNoise,
    author={Matteo Corbetta1, Claudio Sbarufatti2, Marco Giglio},
    title={Optimal tuning of particle filtering random noise for monotonicdegradation processes},
    year={2016}
}

@article{SVO,
    author={Forster, Christian and Pizzoli, Matia and Scaramuzza, Davide},
    title={SVO: Fast Semi-Direct Monocular Visual Odometr},
    year={2014}
}

@article{SVO2,
    author={Christian Forster, Zichao Zhang, Michael Gassner, Manuel Werlberger, Davide Scaramuzza},
    title={SVO: Semi-Direct Visual Odometry for Monocular and Multi-Camera Systems},
    year={2017}
}

@article{Edgelet,
    author={Kalaivani Sundararajan},
    title={Unified point-edgelet feature tracking},
    year={2011}
}

@article{FAST,
    author={Edward Rosten and Tom Drummond},
    title={Fusing Points and Lines for High Performance Tracking},
    year={2005}
}

@article{DSO,
    author={Jakob Engel, Vladlen Koltun, Daniel Cremers},
    title={Direct Sparse Odometry},
    year={2016}
}

@article{DSOStereo,
    author={Jakob Engel, Vladlen Koltun, Daniel Cremers},
    title={Direct Sparse Odometry},
    year={2018}
}

@article{ORB,
    author={Ethan Rublee, Vincent Rabaud, Kurt Konolige, Gary Bradski},
    title={ORB: an efficient alternative to SIFT or SURF},
    year={2011}
}

@article{LOAM,
    author={Ji Zhang and Sanjiv Singh},
    title={LOAM: Lidar Odometry and Mapping in Real-time},
    year={2014}
}

@article{DeepLO,
    author={Younggun Cho1, Giseop Kim1and Ayoung Kim},
    title={DeepLO:  Geometry-Aware  Deep  LiDAR  Odometry},
    year={2019}
}

@article{FirstErrorLinNonlinObs,
    author={Krener A.J., Isidori A.},
    title={Linearization by output injection and nonlinear observers.},
    year={1983}
}

@article{ORB,
    author={Rublee, Vincent Rabaud, Kurt Konolige, Gary Bradski},
    title={ORB: an efficient alternative to SIFT or SURF},
    year={2011}
}

@article{ORBSLAM,
    author={Raúl Mur-Artal, Juan D. Tardós},
    title={ORB-SLAM2: an Open-Source SLAM System for Monocular, Stereo and RGB-D Cameras},
    year={2017}
}

@article{LinearObs,
    author={D. Luenberger},
    title={Observing   the   state   of   a   linear   system},
    year={1964}
}

@article{LinearizingNonlinObs,
    author={F. E. Thau},
    title={Observing the states of nonlinear dynamical systems},
    year={1973}
}

@article{Hurwitz,
    author={A. Hurwitz},
    title={Ueber die Bedingungen, unter welchen eine Gleichung nur Wurzeln mit negativen reellen Teilen besitzt},
    year={1985}
}

@article{HighGain,
    author={Hassan K. Khalil1, Laurent Praly},
    title={High-gain observers in nonlinear feedback control},
    year={2013}
}

@article{Balchen1976,
    author={Jens G. Balchen, Nils A. Jensen, Eldar Mathisen, Steinar Sælid},
    title={A dynamic positioning system based on kalman filtering and optimal control},
    year={1976}
}

@article{PassiveFossen,
    author={Thor A. Fossen, Jann P. Strand},
    title={Passive Nonlinear Observer Design for Ships Using Lyapunov Methods: Full-Scale Experiments with a Supply Vessel},
    year={1998}
}

@article{Lyapunov,
    author={Aleksandr Mikhailovich Lyapunov},
    title={The General Problem of Stability of Motion},
    year{1892}
}

@article{iSAM2,
    title={iSAM2: Incremental Smoothing and Mapping Using the Bayes Tree},
    author={Michael Kaess, Hordur Johannsson, Richard Roberts, Viorela Ila, John Leonard, Frank Dellaert},
    year={2012}
}

@article{GTSAM,
    publisher = "Georgia Institute of Technology",
    year = "2012",
    title = "Factor Graphs and GTSAM: A Hands-on Introduction",
    author = "Dellaert, Frank",
    keywords = "Clique Tree ; Graphical Models ; Junction Tree ; Nonlinear Optimization ; Probabilistic Inference ; Slam ; Smoothing And Mapping ; Sparse Linear Algebra",
}

@article{FirstSLAMMention,
    author={H. Durrant-Whyte, D. Rye, E. Nebot.},
    title={Localisation of auto-matic guided vehicles},
    year={1996}
}

@article{SLAMIntro,
    author={Hugh Durrant-Whyte, Tim Bailey},
    title={Simultaneous Localisation and Mapping (SLAM):Part I The Essential Algorithms},
    year={2006}
}

@article{EKFSLAM,
    author={G. Dissanayake, P. Newman, H.F. Durrant-Whyte, S. Clark, M. Csobra},
    title={A solution to the simultaneous localisation and map-ping (SLAM) problem},
    year={2001}
}

@article{FastSLAM1,
    author={Michael Montemerlo, Sebastian Thrun, Daphne Koller, Ben Wegbreit},
    title={FastSLAM: A Factored Solution to the Simultaneous Localization and Mapping Problem},
    year={2002}
}

@book{Dellaert,
    title={Factor Graphs for Robot Perception},
    author={Michael Kaess, Frank Dellaert},
    year={2017}
}

@article{ROS,
    title={ROS:  an  open-source  Robot  Operating  System},
    author{Morgan Quigley, Brian Gerkey, Ken Conley, Josh Faust, Tully Foote, Jeremy Leibs, Eric Berger, Rob Wheeler, Andrew Ng},
    year={2010}
}

@article{RBPF,
    title={Rao-Blackwellised Particle Filtering for Dynamic Bayesian Networks},
    author={Arnaud Doucet, Nando de Freitas, Kevin Murphy, Stuart Russell},
    year={2000}
}

@article{FastSLAM2,
    title={FastSLAM 2.0: An Improved Particle Filtering Algorithm for Simultaneous Localization and Mapping that Provably Converges},
    author={Michael Montemerlo, Sebastian Thrun, Daphne Koller, Ben Wegbreit},
    year={2003}
}